<?xml version="1.0" encoding="UTF-8"?>
<collection xmlns:xsi="http://www.w3.org/2001/XMLSchema-instance" xsi:schemaLocation="http://www.loc.gov/MARC21/slim http://www.loc.gov/standards/marcxml/schema/MARC21slim.xsd" xmlns="http://www.loc.gov/MARC21/slim">
<record>
  <leader>00909cam a2200253Ma 4500</leader>
  <controlfield tag="001">5967909</controlfield>
  <controlfield tag="003">NNC</controlfield>
  <controlfield tag="005">20151221161058.0</controlfield>
  <controlfield tag="008">000124s1960    sy a     b    000 0 ara d</controlfield>
  <datafield tag="029" ind1="1" ind2=" ">
    <subfield code="a">NLGGC</subfield>
    <subfield code="b">082389411</subfield>
  </datafield>
  <datafield tag="035" ind1=" " ind2=" ">
    <subfield code="a">(OCoLC)ocm43517148</subfield>
  </datafield>
  <datafield tag="035" ind1=" " ind2=" ">
    <subfield code="a">(NNC)5967909</subfield>
  </datafield>
  <datafield tag="040" ind1=" " ind2=" ">
    <subfield code="a">EQO</subfield>
    <subfield code="c">EQO</subfield>
    <subfield code="d">OCLCQ</subfield>
    <subfield code="d">ZCU</subfield>
  </datafield>
  <datafield tag="043" ind1=" " ind2=" ">
    <subfield code="a">a-sy---</subfield>
  </datafield>
  <datafield tag="100" ind1="1" ind2=" ">
    <subfield code="a">Shūmān, ʻAdnān.</subfield>
  </datafield>
  <datafield tag="245" ind1="1" ind2="3">
    <subfield code="a">Al-taʻāwunīyāt /</subfield>
    <subfield code="c">taʾlīf ʻAdnān Shūmān.</subfield>
  </datafield>
  <datafield tag="260" ind1=" " ind2=" ">
    <subfield code="a">Dimashq :</subfield>
    <subfield code="b">Dār al-Fikr,</subfield>
    <subfield code="c">1960.</subfield>
  </datafield>
  <datafield tag="300" ind1=" " ind2=" ">
    <subfield code="a">118 p. :</subfield>
    <subfield code="b">ill. ;</subfield>
    <subfield code="c">20 cm.</subfield>
  </datafield>
  <datafield tag="490" ind1="1" ind2=" ">
    <subfield code="a">Silsilat al-thaqāfah al-shaʻbīyah ;</subfield>
    <subfield code="v">3</subfield>
  </datafield>
  <datafield tag="500" ind1=" " ind2=" ">
    <subfield code="a">At head of title: Wizārat al-Thaqāfah wa-al-Irshād al-Qawmī fī al-Iqlīm al-Sūrī, Mudīrīyat al-Taʾlīf wa-al-Tarjamah.</subfield>
  </datafield>
  <datafield tag="504" ind1=" " ind2=" ">
    <subfield code="a">Includes bibliographical references.</subfield>
  </datafield>
  <datafield tag="650" ind1=" " ind2="0">
    <subfield code="a">Cooperative societies</subfield>
    <subfield code="z">Syria.</subfield>
  </datafield>
  <datafield tag="830" ind1=" " ind2="0">
    <subfield code="a">Silsilat al-Thaqāfah al-shaʻbīyah ;</subfield>
    <subfield code="v">3.</subfield>
  </datafield>
  <datafield tag="955" ind1=" " ind2=" ">
    <subfield code="b">0026810972</subfield>
    <subfield code="d">glx</subfield>
    <subfield code="e">956.9 Sy25 v.3</subfield>
  </datafield>
</record>
</collection>